
@ARTICLE{Moffat69,
       author = {{Moffat}, A.~F.~J.},
        title = "{A Theoretical Investigation of Focal Stellar Images in the Photographic Emulsion and Application to Photographic Photometry}",
      journal = {\aap},
         year = 1969,
        month = dec,
       volume = {3},
        pages = {455},
       adsurl = {https://ui.adsabs.harvard.edu/abs/1969A&A.....3..455M},
      adsnote = {Provided by the SAO/NASA Astrophysics Data System}
}


@article{ Fetick19,
	author = {{F\'etick, R. J. L.} and {Fusco, T.} and {Neichel, B.} and {Mugnier, L. M.} and {Beltramo-Martin, O.} and {Bonnefois, A.} and {Petit, C.} and {Milli, J.} and {Vernet, J.} and {Oberti, S.} and {Bacon, R.}},
	title = {Physics-based model of the adaptive-optics-corrected point spread function - Applications to the SPHERE/ZIMPOL and MUSE instruments},
	DOI= "10.1051/0004-6361/201935830",
	url= "https://doi.org/10.1051/0004-6361/201935830",
	journal = {A\&A},
	year = 2019,
	volume = 628,
	pages = "A99",
}

@article{Giovannelli21,
	author = {{Giovannelli, J.-F.} and {Coulais, A.}},
	title = {Positive deconvolution for superimposed  extended source and point sources},
	DOI= "10.1051/0004-6361:20047011",
	url= "https://doi.org/10.1051/0004-6361:20047011",
	journal = {A\&A},
	year = 2005,
	volume = 439,
	number = 1,
	pages = "401-412",
}

@article{Choi17,
author = {Choi, Young-Jae and Choi, In-Sik},
year = {2017},
month = {05},
pages = {1018-1022},
title = {A novel fast clean algorithm using the gradient descent method},
volume = {59},
journal = {Microwave and Optical Technology Letters},
doi = {10.1002/mop.30448}
}

@ARTICLE{Cornwell83,
       author = {{Cornwell}, T.~J.},
        title = "{A method of stabilizing the clean algorithm}",
      journal = {\aap},
     keywords = {Algorithms, Convolution Integrals, Image Processing, Numerical Stability, Radio Astronomy, Data Reduction, Data Smoothing, Fourier Transformation, Image Reconstruction, Point Spread Functions, Astronomy},
         year = 1983,
        month = may,
       volume = {121},
       number = {2},
        pages = {281-285},
       adsurl = {https://ui.adsabs.harvard.edu/abs/1983A&A...121..281C},
      adsnote = {Provided by the SAO/NASA Astrophysics Data System}
}



@ARTICLE{Cornwell08,
       author = {{Cornwell}, T.~J.},
        title = "{Multiscale CLEAN Deconvolution of Radio Synthesis Images}",
      journal = {IEEE Journal of Selected Topics in Signal Processing},
         year = 2008,
        month = nov,
       volume = {2},
       number = {5},
        pages = {793-801},
          doi = {10.1109/JSTSP.2008.2006388},
       adsurl = {https://ui.adsabs.harvard.edu/abs/2008ISTSP...2..793C},
      adsnote = {Provided by the SAO/NASA Astrophysics Data System}
}

@article{Coulman85,
author = {Coulman, C. E.},
title = {Fundamental and Applied Aspects of Astronomical “Seeing”},
journal = {Annual Review of Astronomy and Astrophysics},
volume = {23},
number = {1},
pages = {19-57},
year = {1985},
doi = {10.1146/annurev.aa.23.090185.000315},

URL = { 
        https://doi.org/10.1146/annurev.aa.23.090185.000315
    
},
eprint = { 
        https://doi.org/10.1146/annurev.aa.23.090185.000315
    
}

}

@book{Durbin21,
	title = {Advanced Approaches in Turbulence},
	publisher = {Elsevier},
	year = {2021},
	isbn = {978-0-12-820774-1},
	doi = {https://doi.org/10.1016/B978-0-12-820774-1.00007-0},
	url = {https://www.sciencedirect.com/science/article/pii/B9780128207741000070},
	author = {Paul A. Durbin}
}

@book{roddier_1999, 
	place={Cambridge}, 
	author = {Francois Roddier},
	title={Adaptive Optics in Astronomy}, 
	DOI={10.1017/CBO9780511525179}, 
	publisher={Cambridge University Press}, 
	year={1999}
}

@book{Keating02,
	title = {Geometric, Physical, and Visual Optics (Second Edition)},
	publisher = {Butterworth-Heinemann},
	edition = {Second Edition},
	address = {Burlington},
	year = {2002},
	isbn = {978-0-7506-7262-7},
	doi = {https://doi.org/10.1016/B978-0-7506-7262-7.50005-9},
	url = {https://www.sciencedirect.com/science/article/pii/B9780750672627500059},
	author = {Michael P. Keating}
}

@book{Schroeder00,
	author = {Daniel J. Schroeder},
	title = {Astronomical Optics (Second Edition)},
	publisher = {Academic Press},
	edition = {Second Edition},
	address = {San Diego},
	year = {2000},
	isbn = {978-0-12-629810-9},
	doi = {https://doi.org/10.1016/B978-0-12-629810-9.50023-2},
	url = {https://www.sciencedirect.com/science/article/pii/B9780126298109500232}
}

@book{Lahiri16,
	title = {Basic Optics},
	publisher = {Elsevier},
	address = {Amsterdam},
	year = {2016},
	isbn = {978-0-12-805357-7},
	doi = {https://doi.org/10.1016/B978-0-12-805357-7.00007-1},
	url = {https://www.sciencedirect.com/science/article/pii/B9780128053577000071},
	author = {Avijit Lahiri},
}

@book{born_wolf_2019, 
	place={Cambridge}, 
	edition={7}, 
	title={Principles of Optics: 60th Anniversary Edition}, 
	DOI={10.1017/9781108769914}, publisher={Cambridge University Press}, 
	author={Born, Max and Wolf, Emil}, 
	year={2019}
}

@book{Tyson_2012,
	title = {Topics in Adaptive Optics},
	ISBN = {},
	url = {https://doi.org/10.5772/1086},
	DOI = {10.5772/1086},
	publisher = {IntechOpen},
	year = {2012},
	month = {Jan},
	address = {Rijeka},
	author = {Robert K. Tyson},
}

@book{Andrews19,
	title = {Field Guide to Atmospheric Optics},
	edition = {2},
	author = {Larry C. Andrews},
	publisher = {SPIE},
	isbn = {9781510619371},
	year = {2019},
}

@misc{McMurty_OnlineTurbulenceCourse,
	author = {Patrick McMurty},
	title = {Turbulence},
	howpublished = {https://my.eng.utah.edu/~mcmurtry/Turbulence/},
	note = {[Online; accessed 2022]},
	year = {2022},
}

@misc{AO_online_book,
	Author = {Various},
	title = {AO Summer Conf.~2004 Book},
	howpublished = "https://cfao.ucolick.org/aosummer/book/",
	note = {[Online; accessed 2022]},
	year = 2004,
}

@misc{LR_derivation,
	author = {UNKNOWN AUTHOR},
	title = {Lucy Ricardson Derivation},
	howpublished = "https://en.wikipedia.org/wiki/Richardson-Lucy\_deconvolution\#Derivation",
	note = {[Online; accessed 2022]},
	year = 2022,
}


@misc{InterpolationOverview,
	author = {Paul Bourke},
	title = {Interpolation Methods},
	howpublished = {http://paulbourke.net/miscellaneous/interpolation/},
	note = {[Online; accessed 2022]},
	year= 2022,
}

@ARTICLE{Lucy74,
       author = {{Lucy}, L.~B.},
        title = "{An iterative technique for the rectification of observed distributions}",
      journal = {\aj},
         year = 1974,
        month = jun,
       volume = {79},
        pages = {745},
          doi = {10.1086/111605},
       adsurl = {https://ui.adsabs.harvard.edu/abs/1974AJ.....79..745L},
      adsnote = {Provided by the SAO/NASA Astrophysics Data System}
}


@article{Starck00,
	author = {{Starck, J.-L.} and {Bijaoui, A.} and {Valtchanov, I.} and {Murtagh, F.}},
	title = {A combined approach for object detection and deconvolution},
	DOI= "10.1051/aas:2000293",
	url= "https://doi.org/10.1051/aas:2000293",
	journal = {Astron. Astrophys. Suppl. Ser.},
	year = 2000,
	volume = 147,
	number = 1,
	pages = "139-149",
}
@ARTICLE{Richardson72,
       author = {{Richardson}, William Hadley},
        title = "{Bayesian-Based Iterative Method of Image Restoration}",
      journal = {Journal of the Optical Society of America (1917-1983)},
         year = 1972,
        month = jan,
       volume = {62},
       number = {1},
        pages = {55},
       adsurl = {https://ui.adsabs.harvard.edu/abs/1972JOSA...62...55R},
      adsnote = {Provided by the SAO/NASA Astrophysics Data System}
}


@ARTICLE{Otsu79,

  author={Otsu, Nobuyuki},

  journal={IEEE Transactions on Systems, Man, and Cybernetics}, 

  title={A Threshold Selection Method from Gray-Level Histograms}, 

  year={1979},

  volume={9},

  number={1},

  pages={62-66},

  doi={10.1109/TSMC.1979.4310076}
 }


@ARTICLE{Wakker88,
       author = {{Wakker}, B.~P. and {Schwarz}, U.~J.},
        title = "{The Multi-Resolution CLEAN and its application to the short-spacing problem in interferometry}",
      journal = {Astronomy and Astrophysics},
     keywords = {Angular Resolution, Image Processing, Interferometry, Convolution Integrals, Data Smoothing, Fourier Transformation, Radio Interferometers, Instrumentation and Photography},
         year = 1988,
        month = jul,
       volume = {200},
       number = {1-2},
        pages = {312-322},
       adsurl = {https://ui.adsabs.harvard.edu/abs/1988A&A...200..312W},
      adsnote = {Provided by the SAO/NASA Astrophysics Data System}
}

@ARTICLE{Sromovsky01A,
       author = {{Sromovsky}, L.~A. and {Fry}, P.~M. and {Baines}, K.~H. and {Limaye}, S.~S. and {Orton}, G.~S. and {Dowling}, T.~E.},
        title = "{Coordinated 1996 HST and IRTF Imaging of Neptune and Triton. I. Observations, Navigation, and Differential Deconvolution}",
      journal = {Icarus},
         year = 2001,
        month = feb,
       volume = {149},
       number = {2},
        pages = {416-434},
          doi = {10.1006/icar.2000.6562},
       adsurl = {https://ui.adsabs.harvard.edu/abs/2001Icar..149..416S},
      adsnote = {Provided by the SAO/NASA Astrophysics Data System}
}

@article{Pearson1901,
    author = {{Pearson}, K.},
    title = {{LIII}. {O}n lines and planes of closest fit to systems of points in space},
    journal = {The London, Edinburgh, and Dublin Philosophical Magazine and Journal of Science},
    volume = {2},
    number = {11},
    pages = {559-572},
    year  = {1901},
    publisher = {Taylor & Francis},
    doi = {10.1080/14786440109462720},
    adsurl = {https://doi.org/10.1080/14786440109462720},
}

@article{Ghil02,
author = {Ghil, Michael and Allen, M.R. and Dettinger, Michael and Ide, Kayo and Kondrashov, D. and Mann, Michael and Robertson, Andrew and Saunders, A. and Tian, Yudong and Varadi, Ferenc and Yiou, P.},
year = {2002},
month = {01},
pages = {1003-1043},
title = {Advanced spectral methods for climate time series},
volume = {2002},
journal = {Rev. Geophys.}
}

@ARTICLE{Golyandina13,
       author = {{Golyandina}, Nina and {Korobeynikov}, Anton and {Shlemov}, Alex and {Usevich}, Konstantin},
        title = "{Multivariate and 2D Extensions of Singular Spectrum Analysis with the Rssa Package}",
      journal = {arXiv e-prints},
     keywords = {Statistics - Methodology},
         year = 2013,
        month = sep,
          eid = {arXiv:1309.5050},
        pages = {arXiv:1309.5050},
archivePrefix = {arXiv},
       eprint = {1309.5050},
 primaryClass = {stat.ME},
       adsurl = {https://ui.adsabs.harvard.edu/abs/2013arXiv1309.5050G},
      adsnote = {Provided by the SAO/NASA Astrophysics Data System}
}


@ARTICLE{Steer84,
       author = {{Steer}, D.~G. and {Dewdney}, P.~E. and {Ito}, M.~R.},
        title = "{Enhancements to the deconvolution algorithm `CLEAN'}",
      journal = {Astronomy and Astrophysics},
     keywords = {Image Enhancement, Image Processing, Radio Astronomy, Algorithms, Data Processing, Error Analysis, Astronomy},
         year = 1984,
        month = aug,
       volume = {137},
       number = {2},
        pages = {159-165},
       adsurl = {https://ui.adsabs.harvard.edu/abs/1984A&A...137..159S},
      adsnote = {Provided by the SAO/NASA Astrophysics Data System}
}

@ARTICLE{Keel91,
       author = {{Keel}, William C.},
        title = "{A Simple, Photometrically Accurate Algorithm for Deconvolution of Optical Images}",
      journal = {PASP},
     keywords = {Astronomical Photometry, Charge Coupled Devices, Image Analysis, Algorithms, Convolution Integrals, Cray Computers, Hubble Space Telescope, Astronomy, INSTRUMENTS, PHOTOMETRY, IMAGE PROCESSING},
         year = 1991,
        month = jul,
       volume = {103},
        pages = {723},
          doi = {10.1086/132871},
       adsurl = {https://ui.adsabs.harvard.edu/abs/1991PASP..103..723K},
      adsnote = {Provided by the SAO/NASA Astrophysics Data System}
}

@article{otsu_thresholding,
    author = {Mehmet Sezgin and Bülent Sankur},
    title = {{Survey over image thresholding techniques and quantitative performance evaluation}},
    volume = {13},
    journal = {Journal of Electronic Imaging},
    number = {1},
    publisher = {SPIE},
    pages = {146 -- 165},
    keywords = {Image segmentation, Nondestructive evaluation, Binary data, Fuzzy logic, Image quality, Autoregressive models, Image processing algorithms and systems, Lithium, Image processing, Inspection},
    year = {2004},
    doi = {10.1117/1.1631315},
    URL = {https://doi.org/10.1117/1.1631315}
}

@ARTICLE{Hogbom74,
       author = {{H{\"o}gbom}, J.~A.},
        title = "{Aperture Synthesis with a Non-Regular Distribution of Interferometer Baselines}",
      journal = {Astronomy and Astrophysics Supplement},
         year = 1974,
        month = jun,
       volume = {15},
        pages = {417},
       adsurl = {https://ui.adsabs.harvard.edu/abs/1974A&AS...15..417H},
      adsnote = {Provided by the SAO/NASA Astrophysics Data System}
}

@ARTICLE{Starck02,
       author = {{Starck}, J.~L. and {Pantin}, E. and {Murtagh}, F.},
        title = "{Deconvolution in Astronomy: A Review}",
      journal = {PASP},
     keywords = {Methods: Data Analysis, Techniques: Image Processing},
         year = 2002,
        month = oct,
       volume = {114},
       number = {800},
        pages = {1051-1069},
          doi = {10.1086/342606},
       adsurl = {https://ui.adsabs.harvard.edu/abs/2002PASP..114.1051S},
      adsnote = {Provided by the SAO/NASA Astrophysics Data System}
}